<?xml version="1.0" encoding="utf-8"?>
<record xmlns="http://www.loc.gov/MARC21/slim" xmlns:xsi="http://www.w3.org/2001/XMLSchema-instance" xsi:schemaLocation="http://www.loc.gov/MARC21/slim http://www.loc.gov/standards/marcxml/schema/MARC21slim.xsd">
	<leader>     nam a22     Mi 4500</leader>
	<controlfield tag="001">b12287064</controlfield>
	<controlfield tag="003">UaCaAUL</controlfield>
	<controlfield tag="006">m        d        </controlfield>
	<controlfield tag="007">cr cn |||m|||a</controlfield>
	<controlfield tag="008">200214s1904    ua      o     000 0 ara d</controlfield>
	<datafield ind1=" " ind2=" " tag="040">
		<subfield code="a">ZYU</subfield>
		<subfield code="b">ara</subfield>
		<subfield code="e">rda</subfield>
		<subfield code="c">ZYU</subfield>
	</datafield>
	<datafield ind1=" " ind2=" " tag="090">
		<subfield code="a">BP189.7.Q32</subfield>
		<subfield code="b">A34 1904</subfield>
	</datafield>
	<datafield ind1="0" ind2=" " tag="100">
		<subfield code="6">880-01</subfield>
		<subfield code="a">ʻAbd al-Qādir al-Jīlānī,</subfield>
		<subfield code="d">-1166,</subfield>
		<subfield code="e">author.</subfield>
	</datafield>
	<datafield ind1="1" ind2="3" tag="245">
		<subfield code="6">880-02</subfield>
		<subfield code="a">al-Juzʼ al-awwal min kitāb al-Ghanīyah li-ṭālibī ṭarīq al-ḥaqq ʻazza wa-jall fī maʻrifat al-ādāb al-sharʻīyah wa-maʻrifat al-ṣāniʻ ʻazza wa-jall bi-al-Āyāt wa-al-ʻalāmāt thumma al-alfāẓ bi-al-Qurʼān wa-al-alfāẓ al-nabawīyah wa-maʻrifat akhlāq al-ṣāliḥīn /</subfield>
		<subfield code="c">li-shaykh al-waqt wa-al-ṭarīqah wa-maʻdan al-sulūk wa-al-ḥaqīqah al-quṭb al-rabbānī sīdī ʻAbd al-Qādir al-Jīlānī, qaddasa Allāh sirrahu wa-afāḍ ʻalaynā wa-ʻalá al-muslimīn barakātuh wa-birrahu amīn.</subfield>
	</datafield>
	<datafield ind1="3" ind2="0" tag="246">
		<subfield code="6">880-03</subfield>
		<subfield code="a">Kitāb al-Ghanīyah li-ṭālibī ṭarīq al-ḥaqq ʻazza wa-jall</subfield>
	</datafield>
	<datafield ind1=" " ind2="1" tag="264">
		<subfield code="6">880-04</subfield>
		<subfield code="a">Miṣr :</subfield>
		<subfield code="b">Ṭubiʻa fī Maṭbaʻat al-Mawsūʻāt bi-Shāriʻ Bāb al-Khalq bi-Miṣr,</subfield>
		<subfield code="c">1322 H. [1904]</subfield>
	</datafield>
	<datafield ind1=" " ind2=" " tag="300">
		<subfield code="a">online resource (2 volumes in 1)</subfield>
	</datafield>
	<datafield ind1=" " ind2=" " tag="336">
		<subfield code="a">text</subfield>
		<subfield code="2">rdacontent</subfield>
	</datafield>
	<datafield ind1=" " ind2=" " tag="337">
		<subfield code="a">computer</subfield>
		<subfield code="2">rdamedia</subfield>
	</datafield>
	<datafield ind1=" " ind2=" " tag="338">
		<subfield code="a">online resource</subfield>
		<subfield code="2">rdacarrier</subfield>
	</datafield>
	<datafield ind1=" " ind2=" " tag="500">
		<subfield code="6">880-05</subfield>
		<subfield code="a">&quot;Ṭubiʻa ʻalá dhimmat al-sharīf mūlāy Aḥmad ibn sīdī ʻAbd al-Karīm al-Qādirī al-Ḥasanī alMaghribī al-Fāsī.</subfield>
	</datafield>
	<datafield ind1=" " ind2=" " tag="500">
		<subfield code="a">Part of the Arabic Collections Online (ACO) project, contributed by American University in Cairo Library.</subfield>
	</datafield>
	<datafield ind1=" " ind2=" " tag="533">
		<subfield code="a">Electronic reproduction.</subfield>
		<subfield code="b">New York, N.Y. :</subfield>
		<subfield code="c">New York University,</subfield>
		<subfield code="d">2020.</subfield>
		<subfield code="5">NNU</subfield>
	</datafield>
	<datafield ind1=" " ind2="0" tag="650">
		<subfield code="a">Sufism</subfield>
		<subfield code="v">Early works to 1800.</subfield>
	</datafield>
	<datafield ind1=" " ind2="7" tag="650">
		<subfield code="a">Sufism.</subfield>
		<subfield code="2">fast</subfield>
		<subfield code="0">(OCoLC)fst01137257</subfield>
	</datafield>
	<datafield ind1=" " ind2="7" tag="655">
		<subfield code="a">Early works.</subfield>
		<subfield code="2">fast</subfield>
		<subfield code="0">(OCoLC)fst01411636</subfield>
	</datafield>
	<datafield ind1="2" ind2=" " tag="710">
		<subfield code="a">American University in Cairo.</subfield>
		<subfield code="b">Library.</subfield>
	</datafield>
	<datafield ind1="0" ind2=" " tag="730">
		<subfield code="a">Arabic Collections Online.</subfield>
	</datafield>
	<datafield ind1="0" ind2="8" tag="776">
		<subfield code="i">Print version:</subfield>
		<subfield code="a">ʻAbd al-Qādir al-Jīlānī, -1166, author.</subfield>
		<subfield code="t">al-Juzʼ al-awwal min kitāb al-Ghanīyah li-ṭālibī ṭarīq al-ḥaqq ʻazza wa-jall fī maʻrifat al-ādāb al-sharʻīyah wa-maʻrifat al-ṣāniʻ ʻazza wa-jall bi-al-Āyāt wa-al-ʻalāmāt thumma al-alfāẓ bi-al-Qurʼān wa-al-alfāẓ al-nabawīyah wa-maʻrifat akhlāq al-ṣāliḥīn</subfield>
		<subfield code="w">(UaCaAUL)b12287064</subfield>
		<subfield code="w">(OCoLC)123004680</subfield>
	</datafield>
	<datafield ind1="4" ind2="0" tag="856">
		<subfield code="u">http://hdl.handle.net/2333.1/63xsjd8j</subfield>
	</datafield>
	<datafield ind1="0" ind2=" " tag="880">
		<subfield code="6">100-01</subfield>
		<subfield code="a">عبد القادر الجيلاني،</subfield>
		<subfield code="d">- 1166.</subfield>
	</datafield>
	<datafield ind1="1" ind2="2" tag="880">
		<subfield code="6">245-02</subfield>
		<subfield code="a">الجزء الأول من كتاب الغنية لطالبي طريق الحق عز وجل في معرفة الآداب الشرعية ومعرفة الصانع عز وجل بالآيات والعلامات ثم الألفاظ بالقرآن والألفاظ النبوية ومعرفة أخلاق الصالحين /</subfield>
		<subfield code="c">لشيخ الوقت والطريقة ومعدن السلوك والحقيقة القطب الرباني سيدي عبد القادر الجيلاني، قدس الله سره وأفاض علينا وعلى المسلمين بركاته وبره آمين.</subfield>
	</datafield>
	<datafield ind1="3" ind2="0" tag="880">
		<subfield code="6">246-03</subfield>
		<subfield code="a">كتاب الغنية لطالبي طريق الحق عز وجل</subfield>
	</datafield>
	<datafield ind1=" " ind2="1" tag="880">
		<subfield code="6">264-04</subfield>
		<subfield code="a">مصر :</subfield>
		<subfield code="b">طبع في مطبعة الموسوعات بشارع باب الخلق بمصر،</subfield>
		<subfield code="c">1322 هـ. [1904]</subfield>
	</datafield>
	<datafield ind1=" " ind2=" " tag="880">
		<subfield code="6">500-05</subfield>
		<subfield code="a">&quot;طبع على ذمة الشريف مولاي أحمد بن سيدي عبد الكريم القادري الحسني المغربي الفاسي.</subfield>
	</datafield>
	<datafield ind1=" " ind2=" " tag="959">
		<subfield code="a">NNU</subfield>
		<subfield code="b">WEB</subfield>
		<subfield code="c">GENI</subfield>
		<subfield code="t">0</subfield>
		<subfield code="m">Electronic access</subfield>
		<subfield code="s">01</subfield>
	</datafield>
	<datafield ind1=" " ind2=" " tag="999">
		<subfield code="i">UaCaAUL_b12287064</subfield>
		<subfield code="o">(OCoLC)ocn123004680</subfield>
		<subfield code="s">auc_aco000739:2 v. in 1</subfield>
		<subfield code="s">auc_aco000739:2 v. in 1</subfield>
	</datafield>
</record>
